<record><leader>00000cas a22000007a 4500</leader><controlfield tag="001">12382764</controlfield><controlfield tag="008">850814d18uu1947gauwr ne      0    0eng d</controlfield><datafield ind1=" " ind2=" " tag="010"><subfield code="a">sn 85034052 </subfield></datafield><datafield ind1=" " ind2=" " tag="040"><subfield code="a">NPU</subfield><subfield code="b">eng</subfield><subfield code="c">NPU</subfield><subfield code="d">NPX</subfield><subfield code="d">NLG</subfield><subfield code="d">GUA</subfield><subfield code="d">OCLCQ</subfield><subfield code="d">OCLCF</subfield><subfield code="d">OCLCO</subfield></datafield><datafield ind1="1" ind2=" " tag="029"><subfield code="a">AU@</subfield><subfield code="b">000020386378</subfield></datafield><datafield ind1=" " ind2=" " tag="042"><subfield code="a">msc</subfield></datafield><datafield ind1=" " ind2=" " tag="043"><subfield code="a">n-us-ga</subfield></datafield><datafield ind1="0" ind2="4" tag="245"><subfield code="a">The Gainesville eagle.</subfield></datafield><datafield ind1=" " ind2=" " tag="260"><subfield code="a">Gainesville, Ga. :</subfield><subfield code="b">John E. Redwine,</subfield><subfield code="c">-[1847]</subfield></datafield><datafield ind1=" " ind2=" " tag="300"><subfield code="a">v. ;</subfield><subfield code="c">61 cm.</subfield></datafield><datafield ind1=" " ind2=" " tag="310"><subfield code="a">Weekly</subfield></datafield><datafield ind1="0" ind2=" " tag="362"><subfield code="a">-v. 87, no. 10 (Sept. 25, 1947).</subfield></datafield><datafield ind1=" " ind2=" " tag="500"><subfield code="a">Publishers: John E. Redwine, &lt;1873&gt;; John Blats, &lt;1876&gt;.</subfield></datafield><datafield ind1=" " ind2=" " tag="500"><subfield code="a">Editor: John E. Redwine, &lt;1876&gt;.</subfield></datafield><datafield ind1=" " ind2=" " tag="580"><subfield code="a">Absorbed: Piedmont press (Gainesville, Ga.). Cf. Gregory, W. Amer. newspapers.</subfield></datafield><datafield ind1=" " ind2=" " tag="580"><subfield code="a">Merged with: Gainesville daily times, to form: Gainesville daily times and the Gainesville eagle.</subfield></datafield><datafield ind1=" " ind2=" " tag="588"><subfield code="a">Description based on: Vol. 8, no. 5 (Jan. 10, 1873).</subfield></datafield><datafield ind1=" " ind2="0" tag="651"><subfield code="a">Gainesville (Ga.)</subfield><subfield code="v">Newspapers.</subfield></datafield><datafield ind1=" " ind2="0" tag="651"><subfield code="a">Hall County (Ga.)</subfield><subfield code="v">Newspapers.</subfield></datafield><datafield ind1=" " ind2="7" tag="655"><subfield code="a">Newspapers.</subfield><subfield code="2">fast</subfield><subfield code="0">(OCoLC)fst01423814</subfield></datafield><datafield ind1=" " ind2="7" tag="651"><subfield code="a">Georgia</subfield><subfield code="z">Gainesville.</subfield><subfield code="2">fast</subfield><subfield code="0">(OCoLC)fst01214039</subfield></datafield><datafield ind1=" " ind2="7" tag="651"><subfield code="a">Georgia</subfield><subfield code="z">Hall County.</subfield><subfield code="2">fast</subfield><subfield code="0">(OCoLC)fst01211767</subfield></datafield><datafield ind1=" " ind2=" " tag="752"><subfield code="a">United States</subfield><subfield code="b">Georgia</subfield><subfield code="c">Hall</subfield><subfield code="d">Gainesville.</subfield></datafield><datafield ind1="0" ind2="0" tag="780"><subfield code="t">Air-line eagle</subfield><subfield code="w">(DLC)sn 89053624</subfield></datafield><datafield ind1="1" ind2="5" tag="780"><subfield code="t">Piedmont press (Gainesville, Ga.)</subfield><subfield code="g">1884</subfield></datafield><datafield ind1="1" ind2="7" tag="785"><subfield code="t">Gainesville daily times</subfield><subfield code="w">(DLC)sn 89053620</subfield><subfield code="w">(OCoLC)19960446</subfield></datafield><datafield ind1="1" ind2="7" tag="785"><subfield code="t">Gainesville daily times and the Gainesville eagle</subfield><subfield code="w">(DLC)sn 89053619</subfield><subfield code="w">(OCoLC)19960446</subfield></datafield></record>